@ARTICLE{HeiseleAndWohler,
    author = {B. Heisele and C. Wöhler},
    title = {Motion-based recognition of pedestrians},
    journal = { Proceedings. Fourteenth International Conference on Pattern Recognition},
    year = {1998},
    volume = {2},
    pages = {}
}

@ARTICLE{ViolaJones,
    author = {Paul Viola and Michael Jones},
    title = {Rapid object detection using a boosted cascade of simple features},
    journal = {Conference on Computer Vision and Pattern Recognition},
    year = {2001},
    volume = {},
    pages = {}
}

@ARTICLE{LeNet,
    author = { Y. Lecun ; L. Bottou ; Y. Bengio ; P. Haffner },
    title = {Gradient-based learning applied to document recognition},
    journal = {Proceedings of the IEEE},
    year = {1998},
    volume = {96},
    pages = {2278 - 2324}
}

@ARTICLE{RCNN,
    author = { Ross Girshick ; Jeff Donahue ; Trevor Darrell ; Jitendra Malik },
    title = {Rich Feature Hierarchies for Accurate Object Detection and Semantic Segmentation},
    journal = { 2014 IEEE Conference on Computer Vision and Pattern Recognition},
    year = {2014},
    volume = {},
    pages = {}
}

@ARTICLE{ImageNet,
    author = { A. Krizhevsky; I. Sutskever and G. Hinton },
    title = {ImageNet classification with deep convolutional neural networks},
    journal = { In NIPS},
    year = {2012},
    volume = {},
    pages = {}
}

@ARTICLE{FastRCNN,
    author = { Ross Girshick },
    title = {Fast R-CNN},
    journal = { 2015 IEEE International Conference on Computer Vision (ICCV) },
    year = {2015},
    volume = {},
    pages = {}
}

@ARTICLE{FasterRCNN,
    author = {  Shaoqing Ren ; Kaiming He ; Ross Girshick ; Jian Sun  },
    title = {Faster R-CNN: Towards Real-Time Object Detection with Region Proposal Networks},
    journal = { IEEE Transactions on Pattern Analysis and Machine Intelligence  },
    year = {2017},
    volume = {39},
    pages = {1137 - 1149}
}

@ARTICLE{Yolo,
    author = {  Joseph Redmon ; Santosh Divvala ; Ross Girshick ; Ali Farhadi  },
    title = {You Only Look Once: Unified, Real-Time Object Detection},
    journal = {  2016 IEEE Conference on Computer Vision and Pattern Recognition (CVPR) },
    year = {2016},
    volume = {},
    pages = {}
}

@ARTICLE{DPNMS,
    author = {  Hamed Pirsiavash ; Deva Ramanan ; Charless C. Fowlkes  },
    title = {Globally-optimal greedy algorithms for tracking a variable number of objects},
    journal = {  CVPR 2011 },
    year = {2011},
    volume = {},
    pages = {}
}

@ARTICLE{LP2D,
    author = {  Laura Leal-Taixé ; Gerard Pons-Moll ; Bodo Rosenhahn  },
    title = {Everybody needs somebody: Modeling social and grouping behavior on a linear programming multiple people tracker},
    journal = {   2011 IEEE International Conference on Computer Vision Workshops (ICCV Workshops) },
    year = {2011},
    volume = {},
    pages = {}
}

@ARTICLE{DCOX,
    author = {A. Milan; K. Schindler; and S. Roth},
    title = {Multi-target tracking by discrete-continuous energy minimization},
    journal = {TPAMI},
    year = {2016},
    volume = {},
    pages = {}
}

@ARTICLE{OVBT,
    author = { Y. Ban; S. Ba; X. Alameda-Pined and R. Horaud  },
    title = {The way they move: Tracking multiple targets with similar appearance},
    journal = {ICCV },
    year = {2013},
    volume = {},
    pages = {}
}

@ARTICLE{SMOT,
    author = { C. Dicle; M. Sznaier and O. Camps },
    title = {Everybody needs somebody: Modeling social and grouping behavior on a linear programming multiple people tracker},
    journal = {   2011 IEEE International Conference on Computer Vision Workshops (ICCV Workshops) },
    year = {2011},
    volume = {},
    pages = {}
}

@ARTICLE{LINF1,
    author = { Loïc Fagot-BouquetRomaric AudigierYoann DhomeYoann DhomeFrédéric Lerasle  },
    title = {Improving Multi-frame Data Association with Sparse Representations for Robust Near-online Multi-object Tracking},
    journal = { European Conference on Computer Vision },
    year = {2017},
    volume = {},
    pages = {}
}

@ARTICLE{MHTDAM,
    author = {  Chanho Kim ; Fuxin Li ; Arridhana Ciptadi ; James M. Rehg   },
    title = {Multiple Hypothesis Tracking Revisited},
    journal = { 2015 IEEE International Conference on Computer Vision (ICCV) },
    year = {2015},
    volume = {},
    pages = {}
}

@ARTICLE{oICF,
    author = {   Hilke Kieritz ; Stefan Becker ; Wolfgang Hübner ; Michael Arens   },
    title = {Online multi-person tracking using Integral Channel Features},
    journal = {  2016 13th IEEE International Conference on Advanced Video and Signal Based Surveillance (AVSS) },
    year = {2016},
    volume = {},
    pages = {}
}

@ARTICLE{NOMT,
    author = { Wongun Choi },
    title = {Near-Online Multi-target Tracking with Aggregated Local Flow Descriptor},
    journal = { 2015 IEEE International Conference on Computer Vision (ICCV) },
    year = {2015},
    volume = {},
    pages = {}
}

@ARTICLE{MDPNN16,
    author = {  Amir Sadeghian ; Alexandre Alahi ; Silvio Savarese },
    title = {Tracking the Untrackable: Learning to Track Multiple Cues with Long-Term Dependencies},
    journal = { 2017 IEEE International Conference on Computer Vision (ICCV) },
    year = {2017},
    volume = {},
    pages = {}
}

@ARTICLE{JMC,
    author = {  Siyu Tang ; Mykhaylo Andriluka ; Bjoern Andres ; Bernt Schiele  },
    title = {Multiple People Tracking by Lifted Multicut and Person Re-identification},
    journal = { 2017 IEEE Conference on Computer Vision and Pattern Recognition (CVPR) },
    year = {2017},
    volume = {},
    pages = {}
}

@ARTICLE{EtatArt,
    author = {Laura Leal-Taixe ; Anton Milan, Konrad Schindler ; Daniel Cremers ; Ian Reid ; Stefan Roth},
    title = {Tracking the Trackers: An Analysis of the State of the Art in Multiple Object Tracking},
    journal = {},
    year = {2017},
    volume = {},
    pages = {}
}

@ARTICLE{Sort,
    author = { Alex Bewley ; Zongyuan Ge ; Lionel Ott ; Fabio Ramos ; Ben Upcroft },
    title = {Simple online and realtime tracking},
    journal = {2016 IEEE International Conference on Image Processing (ICIP)},
    year = {2016},
    volume = {},
    pages = {}
}

@ARTICLE{PROP1,
    author = { Nicolai Wojke ; Alex Bewley ; Dietrich Paulus  },
    title = {Simple online and realtime tracking with a deep association metric},
    journal = {2017 IEEE International Conference on Image Processing (ICIP) },
    year = {2017},
    volume = {},
    pages = {}
}

@ARTICLE{PROP2,
    author = {Samuel Murray },
    title = {Real-Time Multiple Object Tracking - A Study on the Importance of Speed},
    journal = { },
    year = {2017},
    volume = {},
    pages = {}
}

@ARTICLE{PROP3,
    author = {Burak UzkentYoung-Woo SeoYoung-Woo Seo },
    title = {EnKCF: Ensemble of Kernelized Correlation Filters for High-Speed Object Tracking},
    journal = { },
    year = {2018},
    volume = {},
    pages = {}
}